<?xml version="1.0" encoding="utf-8"?>
<record xmlns="http://www.loc.gov/MARC21/slim" xmlns:xsi="http://www.w3.org/2001/XMLSchema-instance" xsi:schemaLocation="http://www.loc.gov/MARC21/slim http://www.loc.gov/standards/marcxml/schema/MARC21slim.xsd">
	<leader>     nam a22     Mi 4500</leader>
	<controlfield tag="001">b12623301</controlfield>
	<controlfield tag="003">UaCaAUL</controlfield>
	<controlfield tag="006">m        d        </controlfield>
	<controlfield tag="007">cr cn |||m|||a</controlfield>
	<controlfield tag="008">200513s1886    le      o     000 0 ara d</controlfield>
	<datafield ind1=" " ind2=" " tag="040">
		<subfield code="a">ZYU</subfield>
		<subfield code="b">ara</subfield>
		<subfield code="e">rda</subfield>
		<subfield code="c">ZYU</subfield>
	</datafield>
	<datafield ind1=" " ind2=" " tag="090">
		<subfield code="a">PJ7750.I2</subfield>
		<subfield code="b">A17 1886</subfield>
	</datafield>
	<datafield ind1="1" ind2=" " tag="100">
		<subfield code="6">880-01</subfield>
		<subfield code="a">Ibn Hānī al-Andalusī, Abū al-Qāsim Muḥammad,</subfield>
		<subfield code="d">937?-973,</subfield>
		<subfield code="e">author.</subfield>
	</datafield>
	<datafield ind1="1" ind2="0" tag="245">
		<subfield code="6">880-02</subfield>
		<subfield code="a">Dīwān al-shāʻir al-adīb al-majīd al-arīb mutanabbī al-gharb wa-al-ākhidh shiʻrahu bi-majāmiʻ kull qalb Abū al-Qāsim Muḥammad ibn Hānī al-Azdī al-Andalusī raḥimahu Allāh /</subfield>
		<subfield code="c">waqafa ʻalá ṭabʻihi janāb al-adīb al-muʻallim Shāhīn ʻAṭīyah.</subfield>
	</datafield>
	<datafield ind1=" " ind2="1" tag="264">
		<subfield code="6">880-03</subfield>
		<subfield code="a">Bayrūt :</subfield>
		<subfield code="b">Ṭubiʻa bi-al-Maṭbaʻah al-Lubnānīyah,</subfield>
		<subfield code="c">1886.</subfield>
	</datafield>
	<datafield ind1=" " ind2=" " tag="300">
		<subfield code="a">online resource (232 pages)</subfield>
	</datafield>
	<datafield ind1=" " ind2=" " tag="336">
		<subfield code="a">text</subfield>
		<subfield code="2">rdacontent</subfield>
	</datafield>
	<datafield ind1=" " ind2=" " tag="337">
		<subfield code="a">computer</subfield>
		<subfield code="2">rdamedia</subfield>
	</datafield>
	<datafield ind1=" " ind2=" " tag="338">
		<subfield code="a">online resource</subfield>
		<subfield code="2">rdacarrier</subfield>
	</datafield>
	<datafield ind1=" " ind2=" " tag="500">
		<subfield code="a">Poems.</subfield>
	</datafield>
	<datafield ind1=" " ind2=" " tag="500">
		<subfield code="a">Includes errata pages.</subfield>
	</datafield>
	<datafield ind1=" " ind2=" " tag="500">
		<subfield code="6">880-04</subfield>
		<subfield code="a">Ṭubiʻa bi-nafaqat al-khawājā Luṭf Allāh al-Zahhār ṣāḥib al-Maktabah al-Waṭanīyah wa-al-Sayyid ʻUmar Hāshim al-Kutbī al-Dimashqī.</subfield>
	</datafield>
	<datafield ind1=" " ind2=" " tag="500">
		<subfield code="a">Non-Latin script record</subfield>
	</datafield>
	<datafield ind1=" " ind2=" " tag="500">
		<subfield code="a">Part of the Arabic Collections Online (ACO) project, contributed by American University in Cairo Library.</subfield>
	</datafield>
	<datafield ind1=" " ind2=" " tag="533">
		<subfield code="a">Electronic reproduction.</subfield>
		<subfield code="b">New York, N.Y. :</subfield>
		<subfield code="c">New York University,</subfield>
		<subfield code="d">2020.</subfield>
		<subfield code="5">NNU</subfield>
	</datafield>
	<datafield ind1=" " ind2="0" tag="650">
		<subfield code="a">Arabic poetry</subfield>
		<subfield code="y">19th century.</subfield>
	</datafield>
	<datafield ind1=" " ind2="7" tag="650">
		<subfield code="a">Arabic poetry.</subfield>
		<subfield code="2">fast</subfield>
		<subfield code="0">(OCoLC)fst00812533</subfield>
	</datafield>
	<datafield ind1=" " ind2="7" tag="648">
		<subfield code="a">1800-1899</subfield>
		<subfield code="2">fast</subfield>
	</datafield>
	<datafield ind1="1" ind2=" " tag="700">
		<subfield code="6">880-05</subfield>
		<subfield code="a">ʻAṭīyah, Shāhīn,</subfield>
		<subfield code="d">1835 or 1836-1913,</subfield>
		<subfield code="e">supervisor.</subfield>
	</datafield>
	<datafield ind1="2" ind2=" " tag="710">
		<subfield code="a">American University in Cairo.</subfield>
		<subfield code="b">Library.</subfield>
	</datafield>
	<datafield ind1="0" ind2=" " tag="730">
		<subfield code="a">Arabic Collections Online.</subfield>
	</datafield>
	<datafield ind1="0" ind2="8" tag="776">
		<subfield code="i">Online version:</subfield>
		<subfield code="a">Ibn Hānī al-Andalusī, Abū al-Qāsim Muḥammad, 937?-973.</subfield>
		<subfield code="t">Dīwān Abū al-Qāsim Muḥammad ibn Hānī al-Azdī al-Andalusī.</subfield>
		<subfield code="d">Bayrūt : al-Maṭbaʻah al-Lubnānīyah, 1886</subfield>
		<subfield code="w">(OCoLC)780175920</subfield>
	</datafield>
	<datafield ind1="0" ind2="8" tag="776">
		<subfield code="i">Print version:</subfield>
		<subfield code="a">Ibn Hānī al-Andalusī, Abū al-Qāsim Muḥammad, 937?-973, author.</subfield>
		<subfield code="t">Dīwān al-shāʻir al-adīb al-majīd al-arīb mutanabbī al-gharb wa-al-ākhidh shiʻrahu bi-majāmiʻ kull qalb Abū al-Qāsim Muḥammad ibn Hānī al-Azdī al-Andalusī raḥimahu Allāh</subfield>
		<subfield code="w">(UaCaAUL)b12623301</subfield>
		<subfield code="w">(OCoLC)60506569</subfield>
	</datafield>
	<datafield ind1="4" ind2="0" tag="856">
		<subfield code="u">http://hdl.handle.net/2333.1/kprr578h</subfield>
	</datafield>
	<datafield ind1="1" ind2=" " tag="880">
		<subfield code="6">100-01</subfield>
		<subfield code="a">ابن هاني الأندلسي، أبو القاسم محمد،</subfield>
		<subfield code="d">973-937?</subfield>
	</datafield>
	<datafield ind1="1" ind2="0" tag="880">
		<subfield code="6">245-02</subfield>
		<subfield code="a">ديوان الشاعر الأديب المجيد الأريب متنبي الغرب والآخذ شعره بمجامع كل قلب أبو القاسم محمد بن هاني الأزدي الأندلسي رحمه الله /</subfield>
		<subfield code="c">وقف على طبعه جناب الأديب المعلم شاهين عطية.</subfield>
	</datafield>
	<datafield ind1=" " ind2="1" tag="880">
		<subfield code="6">264-03</subfield>
		<subfield code="a">بيروت :</subfield>
		<subfield code="b">طبع بالمطبعة اللبنانية،</subfield>
		<subfield code="c">1886.</subfield>
	</datafield>
	<datafield ind1=" " ind2=" " tag="880">
		<subfield code="6">500-04</subfield>
		<subfield code="a">طبع بنفقة الخواجا لطف الله الزهار صاحب المكتبة الوطنية والسيد عمر هاشم الكتبي الدمشقي.</subfield>
	</datafield>
	<datafield ind1="1" ind2=" " tag="880">
		<subfield code="6">700-05</subfield>
		<subfield code="a">عطية، شاهين،</subfield>
		<subfield code="d">1835 أو 1836-1913.</subfield>
	</datafield>
	<datafield ind1=" " ind2=" " tag="959">
		<subfield code="a">NNU</subfield>
		<subfield code="b">WEB</subfield>
		<subfield code="c">GENI</subfield>
		<subfield code="t">0</subfield>
		<subfield code="m">Electronic access</subfield>
		<subfield code="s">01</subfield>
	</datafield>
	<datafield ind1=" " ind2=" " tag="999">
		<subfield code="i">UaCaAUL_b12623301</subfield>
		<subfield code="o">(OCoLC)ocm60506569</subfield>
		<subfield code="s">auc_aco001144:</subfield>
		<subfield code="s">auc_aco001144:</subfield>
	</datafield>
</record>
